<collection xmlns='http://www.loc.gov/MARC21/slim' xmlns:xsi='http://www.w3.org/2001/XMLSchema-instance' xsi:schemaLocation='http://www.loc.gov/standards/marcxml/schema/MARC21slim.xsd'>
  <record xmlns="http://www.loc.gov/MARC21/slim">
    <leader>00000ctm a2200000Ma 4500</leader>
    <controlfield tag="001">on1081308848</controlfield>
    <controlfield tag="008">190109s1637    xx            000 0 ara d</controlfield>
    <datafield tag="040" ind1=" " ind2=" ">
      <subfield code="a">ZCU</subfield>
      <subfield code="b">eng</subfield>
      <subfield code="e">amremm</subfield>
      <subfield code="c">ZCU</subfield>
      <subfield code="d">OCLCO</subfield>
    </datafield>
    <datafield tag="035" ind1=" " ind2=" ">
      <subfield code="a">(NNC)13682293</subfield>
    </datafield>
    <datafield tag="049" ind1=" " ind2=" ">
      <subfield code="a">ZCUA</subfield>
    </datafield>
    <datafield tag="100" ind1="1" ind2=" ">
      <subfield code="6">880-01</subfield>
      <subfield code="a">Shanawānī, Abū Bakr ibn Ismāʻīl,</subfield>
      <subfield code="d">1551 or 1552-1610 or 1611.</subfield>
    </datafield>
    <datafield tag="245" ind1="1" ind2="0">
      <subfield code="6">880-02</subfield>
      <subfield code="a">Taʻlīq al-durrah al-Shanawānīyah ʻalá Sharḥ al-Ajurrūmīyah fī ʻilm al-ʻArabīyah.</subfield>
    </datafield>
    <datafield tag="264" ind1=" " ind2="0">
      <subfield code="c">1637.</subfield>
    </datafield>
    <datafield tag="300" ind1=" " ind2=" ">
      <subfield code="a">128 leaves :</subfield>
      <subfield code="b">paper ;</subfield>
      <subfield code="c">208 x 150 (150 x 90) mm, bound to 205 x 156 mm</subfield>
    </datafield>
    <datafield tag="336" ind1=" " ind2=" ">
      <subfield code="a">text</subfield>
      <subfield code="b">txt</subfield>
      <subfield code="2">rdacontent</subfield>
    </datafield>
    <datafield tag="337" ind1=" " ind2=" ">
      <subfield code="a">unmediated</subfield>
      <subfield code="b">n</subfield>
      <subfield code="2">rdamedia</subfield>
    </datafield>
    <datafield tag="338" ind1=" " ind2=" ">
      <subfield code="a">volume</subfield>
      <subfield code="b">nc</subfield>
      <subfield code="2">rdacarrier</subfield>
    </datafield>
    <datafield tag="340" ind1=" " ind2=" ">
      <subfield code="d">manuscript.</subfield>
    </datafield>
    <datafield tag="500" ind1=" " ind2=" ">
      <subfield code="a">Manuscript codex.</subfield>
    </datafield>
    <datafield tag="520" ind1=" " ind2=" ">
      <subfield code="a">Abridged version of Shanawānī's longer commentary, called al-Fawāʼid al-Shanawānīyah ʻalá Sharḥ al-Ajurrūmīyah, on Khālid al-Azharī's commentary on the Ajurrūmīyah.</subfield>
    </datafield>
    <datafield tag="500" ind1=" " ind2=" ">
      <subfield code="a">Title from title page and introduction (f. 1r-1v).</subfield>
    </datafield>
    <datafield tag="546" ind1=" " ind2=" ">
      <subfield code="a">Arabic.</subfield>
    </datafield>
    <datafield tag="500" ind1=" " ind2=" ">
      <subfield code="a">Layout: 21 lines per page.</subfield>
    </datafield>
    <datafield tag="500" ind1=" " ind2=" ">
      <subfield code="a">Script: Written in clear naskh in black ink; pointed.</subfield>
    </datafield>
    <datafield tag="500" ind1=" " ind2=" ">
      <subfield code="a">Decoration: Rubrications in red.</subfield>
    </datafield>
    <datafield tag="500" ind1=" " ind2=" ">
      <subfield code="a">Origin: Item is dated 14 Dhū al-Qaʻdah 1046 AH (f. 130r).</subfield>
    </datafield>
    <datafield tag="500" ind1=" " ind2=" ">
      <subfield code="a">Shelfmark: MS Or 260.</subfield>
    </datafield>
    <datafield tag="563" ind1=" " ind2=" ">
      <subfield code="a">Bound in brown leather over pasteboard with flap; bright yellow paper sides and outer flap onlay with further dark blue mirror-image design central onlay and same onlay on flap. Plain laid paper doublure.</subfield>
    </datafield>
    <datafield tag="541" ind1="1" ind2=" ">
      <subfield code="a">Gift of David Eugene Smith, 1931-1934.</subfield>
    </datafield>
    <datafield tag="588" ind1="0" ind2=" ">
      <subfield code="a">Item cataloged from digital facsimile and existing description.</subfield>
    </datafield>
    <datafield tag="530" ind1=" " ind2=" ">
      <subfield code="a">Also available as a digital facsimile.</subfield>
    </datafield>
    <datafield tag="600" ind1="1" ind2="0">
      <subfield code="6">880-03</subfield>
      <subfield code="a">Azharī, Khālid ibn ʻAbd Allāh,</subfield>
      <subfield code="d">-1499.</subfield>
      <subfield code="t">Sharḥ al-Ājurrūmīyah.</subfield>
    </datafield>
    <datafield tag="600" ind1="1" ind2="0">
      <subfield code="6">880-04</subfield>
      <subfield code="a">Ibn Ājurrūm, Muḥammad ibn Muḥammad,</subfield>
      <subfield code="d">1273 or 1274-1323.</subfield>
      <subfield code="t">Ajurrūmīyah.</subfield>
    </datafield>
    <datafield tag="650" ind1=" " ind2="0">
      <subfield code="a">Arabic language</subfield>
      <subfield code="x">Grammar</subfield>
      <subfield code="v">Early works to 1800.</subfield>
    </datafield>
    <datafield tag="650" ind1=" " ind2="0">
      <subfield code="a">Manuscripts, Arabic.</subfield>
    </datafield>
    <datafield tag="655" ind1=" " ind2="7">
      <subfield code="a">Codices.</subfield>
      <subfield code="2">aat</subfield>
    </datafield>
    <datafield tag="655" ind1=" " ind2="7">
      <subfield code="a">Commentaries.</subfield>
      <subfield code="2">aat</subfield>
    </datafield>
    <datafield tag="655" ind1=" " ind2="7">
      <subfield code="a">Islamic bindings (Binding)</subfield>
      <subfield code="2">rbbin</subfield>
    </datafield>
    <datafield tag="655" ind1=" " ind2="7">
      <subfield code="a">Full covers.</subfield>
      <subfield code="2">lobt</subfield>
    </datafield>
    <datafield tag="655" ind1=" " ind2="7">
      <subfield code="a">Envelope flaps (features)</subfield>
      <subfield code="2">lobt</subfield>
    </datafield>
    <datafield tag="655" ind1=" " ind2="7">
      <subfield code="a">Onlays (decoration)</subfield>
      <subfield code="2">lobt</subfield>
    </datafield>
    <datafield tag="655" ind1=" " ind2="7">
      <subfield code="a">Manuscripts.</subfield>
      <subfield code="2">aat</subfield>
    </datafield>
    <datafield tag="655" ind1=" " ind2="4">
      <subfield code="a">Early works to 1800.</subfield>
      <subfield code="5">NNC</subfield>
    </datafield>
    <datafield tag="700" ind1="1" ind2="2">
      <subfield code="6">880-05</subfield>
      <subfield code="a">Shanawānī, Abū Bakr ibn Ismāʻīl,</subfield>
      <subfield code="d">1551 or 1552-1610 or 1611.</subfield>
      <subfield code="t">Fawāʼid al-Shanawānīyah ʻalá Sharḥ al-Ajurrūmīyah.</subfield>
      <subfield code="k">Selections.</subfield>
    </datafield>
    <datafield tag="700" ind1="1" ind2="2">
      <subfield code="6">880-06</subfield>
      <subfield code="a">Ibn Ājurrūm, Muḥammad ibn Muḥammad,</subfield>
      <subfield code="d">1273 or 1274-1323.</subfield>
      <subfield code="t">Ajurrūmīyah.</subfield>
      <subfield code="k">Selections.</subfield>
    </datafield>
    <datafield tag="700" ind1="1" ind2="2">
      <subfield code="6">880-07</subfield>
      <subfield code="a">Azharī, Khālid ibn ʻAbd Allāh,</subfield>
      <subfield code="d">-1499.</subfield>
      <subfield code="t">Sharḥ al-Ājurrūmīyah.</subfield>
      <subfield code="k">Selections.</subfield>
    </datafield>
    <datafield tag="700" ind1="1" ind2=" ">
      <subfield code="a">Smith, David Eugene,</subfield>
      <subfield code="d">1860-1944,</subfield>
      <subfield code="e">former owner.</subfield>
    </datafield>
    <datafield tag="710" ind1="2" ind2=" ">
      <subfield code="a">Muslim World Manuscripts (Columbia University. Rare Book and Manuscript Library)</subfield>
      <subfield code="5">NNC</subfield>
    </datafield>
    <datafield tag="856" ind1="4" ind2="1">
      <subfield code="z">Digital facsimile in OPenn</subfield>
      <subfield code="u">http://openn.library.upenn.edu/Data/0032/html/ms_or_260.html</subfield>
    </datafield>
    <datafield tag="852" ind1=" " ind2=" ">
      <subfield code="a">Columbia University.</subfield>
      <subfield code="b">Rare Book and Manuscript Library</subfield>
      <subfield code="e">New York, NY. 10027</subfield>
      <subfield code="n">nyu</subfield>
      <subfield code="u">https://clio.columbia.edu/catalog/13682293</subfield>
    </datafield>
    <datafield tag="880" ind1="1" ind2=" ">
      <subfield code="6">100-01/(3/r</subfield>
      <subfield code="a">شنواني، ابو بكر بن اسماعيل،</subfield>
      <subfield code="d">1551 أو 1552-1610 أو 1611.</subfield>
    </datafield>
    <datafield tag="880" ind1="1" ind2="0">
      <subfield code="6">245-02/(3/r</subfield>
      <subfield code="a">تعليق الدرة الشنوانية على شرح الاجرومية في علم العربية.</subfield>
    </datafield>
    <datafield tag="880" ind1="1" ind2="4">
      <subfield code="6">600-03/(3/r</subfield>
      <subfield code="a">أزهري، خالد بن عبد الله،</subfield>
      <subfield code="d">1499.</subfield>
      <subfield code="t">شرح الاجرومية.</subfield>
    </datafield>
    <datafield tag="880" ind1="1" ind2="4">
      <subfield code="6">600-04/(3/r</subfield>
      <subfield code="a">ابن آجروم، محمد بن محمد،</subfield>
      <subfield code="d">1273 أو 1274-1323.</subfield>
      <subfield code="t">اجرومية.</subfield>
    </datafield>
    <datafield tag="880" ind1="1" ind2="2">
      <subfield code="6">700-05/(3/r</subfield>
      <subfield code="a">شنواني، ابو بكر بن اسماعيل،</subfield>
      <subfield code="d">1551 أو 1552-1610 أو 1611.</subfield>
      <subfield code="t">فوائد الشنوانية على شرح الاجرومية.</subfield>
      <subfield code="k">Selections.</subfield>
    </datafield>
    <datafield tag="880" ind1="1" ind2="2">
      <subfield code="6">700-06/(3/r</subfield>
      <subfield code="a">ابن آجروم، محمد بن محمد،</subfield>
      <subfield code="d">1273 أو 1274-1323.</subfield>
      <subfield code="t">اجرومية.</subfield>
      <subfield code="k">Selections.</subfield>
    </datafield>
    <datafield tag="880" ind1="1" ind2="2">
      <subfield code="6">700-07/(3/r</subfield>
      <subfield code="a">أزهري، خالد بن عبد الله،</subfield>
      <subfield code="d">1499.</subfield>
      <subfield code="t">شرح الاجرومية.</subfield>
      <subfield code="k">Selections.</subfield>
    </datafield>
    <datafield tag="066" ind1=" " ind2=" ">
      <subfield code="c">(3</subfield>
    </datafield>
  </record></collection>